<record><leader>00000cas a2200000 a 4500</leader><controlfield tag="001">31188787</controlfield><controlfield tag="008">940928d19321952iluir ne      0   a0eng c</controlfield><datafield ind1=" " ind2=" " tag="010"><subfield code="a">sn 94060586 </subfield></datafield><datafield ind1=" " ind2=" " tag="040"><subfield code="a">NVF</subfield><subfield code="b">eng</subfield><subfield code="c">NVF</subfield><subfield code="d">CVF</subfield><subfield code="d">NVF</subfield><subfield code="d">OCLCF</subfield><subfield code="d">OCLCO</subfield></datafield><datafield ind1="1" ind2=" " tag="029"><subfield code="a">AU@</subfield><subfield code="b">000011305843</subfield></datafield><datafield ind1=" " ind2=" " tag="042"><subfield code="a">pcc</subfield></datafield><datafield ind1=" " ind2=" " tag="043"><subfield code="a">n-us-il</subfield></datafield><datafield ind1="0" ind2=" " tag="130"><subfield code="a">Berwyn life (Berwyn, Ill. : 1932)</subfield></datafield><datafield ind1="1" ind2="0" tag="245"><subfield code="a">Berwyn life.</subfield></datafield><datafield ind1="1" ind2=" " tag="246"><subfield code="i">Published as:</subfield><subfield code="a">Suburban leader</subfield><subfield code="f">-&lt;Jan. 18, 1933&gt;</subfield></datafield><datafield ind1=" " ind2=" " tag="260"><subfield code="a">Berwyn, Ill. :</subfield><subfield code="b">William (Billy) Cepak</subfield></datafield><datafield ind1="2" ind2=" " tag="260"><subfield code="3">&lt;Jan. 18, 1933&gt;</subfield><subfield code="a">Berwyn, Ill. :</subfield><subfield code="b">Morris Kaplan.</subfield></datafield><datafield ind1="3" ind2=" " tag="260"><subfield code="3">&lt;July 2, 1943&gt;-1952</subfield><subfield code="a">Cicero, Ill. :</subfield><subfield code="b">[s.n.]</subfield></datafield><datafield ind1=" " ind2=" " tag="300"><subfield code="a">v.</subfield></datafield><datafield ind1=" " ind2=" " tag="310"><subfield code="a">Triweekly,</subfield><subfield code="b">Aug. 31, 1936-1952</subfield></datafield><datafield ind1=" " ind2=" " tag="321"><subfield code="a">Weekly,</subfield><subfield code="b">&lt;Jan. 18&gt;-June 28, 1933</subfield></datafield><datafield ind1=" " ind2=" " tag="321"><subfield code="a">Semiweekly,</subfield><subfield code="b">June 30-&lt;Dec. 29, 1933&gt;</subfield></datafield><datafield ind1=" " ind2=" " tag="321"><subfield code="a">Triweekly,</subfield><subfield code="b">&lt;May 9-June 29, 1934&gt;</subfield></datafield><datafield ind1=" " ind2=" " tag="321"><subfield code="a">Semiweekly,</subfield><subfield code="b">&lt;July 11, 1934&gt;-Aug. 28, 1936</subfield></datafield><datafield ind1="1" ind2=" " tag="362"><subfield code="a">Began in 1932.</subfield></datafield><datafield ind1="0" ind2=" " tag="362"><subfield code="a">-v. 20, no. 79 (July 2, 1952).</subfield></datafield><datafield ind1=" " ind2=" " tag="500"><subfield code="a">"[F]or every home in Berwyn and Stickney."</subfield></datafield><datafield ind1=" " ind2=" " tag="500"><subfield code="a">Published as: Silver Anniversary issue, Nov. 1951.</subfield></datafield><datafield ind1=" " ind2=" " tag="580"><subfield code="a">Merged with: Berwyn beacon, to form: Berwyn life and the Berwyn beacon.</subfield></datafield><datafield ind1=" " ind2=" " tag="588"><subfield code="a">Description based on: Vol. 1, no. [38] (Jan. 18, 1933).</subfield></datafield><datafield ind1=" " ind2="0" tag="651"><subfield code="a">Berwyn (Ill.)</subfield><subfield code="v">Newspapers.</subfield></datafield><datafield ind1=" " ind2="0" tag="651"><subfield code="a">Stickney (Ill.)</subfield><subfield code="v">Newspapers.</subfield></datafield><datafield ind1=" " ind2="0" tag="651"><subfield code="a">Cicero (Ill.)</subfield><subfield code="v">Newspapers.</subfield></datafield><datafield ind1=" " ind2="7" tag="655"><subfield code="a">Newspapers.</subfield><subfield code="2">fast</subfield><subfield code="0">(OCoLC)fst01423814</subfield></datafield><datafield ind1=" " ind2="7" tag="651"><subfield code="a">Illinois</subfield><subfield code="z">Berwyn.</subfield><subfield code="2">fast</subfield><subfield code="0">(OCoLC)fst01217727</subfield></datafield><datafield ind1=" " ind2="7" tag="651"><subfield code="a">Illinois</subfield><subfield code="z">Cicero.</subfield><subfield code="2">fast</subfield><subfield code="0">(OCoLC)fst01218056</subfield></datafield><datafield ind1=" " ind2="7" tag="651"><subfield code="a">Illinois</subfield><subfield code="z">Stickney.</subfield><subfield code="2">fast</subfield><subfield code="0">(OCoLC)fst01250147</subfield></datafield><datafield ind1=" " ind2=" " tag="752"><subfield code="a">United States</subfield><subfield code="b">Illinois</subfield><subfield code="c">Cook</subfield><subfield code="d">Cicero.</subfield></datafield><datafield ind1=" " ind2=" " tag="752"><subfield code="a">United States</subfield><subfield code="b">Illinois</subfield><subfield code="c">Cook</subfield><subfield code="d">Berwyn.</subfield></datafield><datafield ind1="1" ind2="7" tag="785"><subfield code="t">Berwyn beacon</subfield><subfield code="w">(DLC)sn 90053125</subfield><subfield code="w">(OCoLC)23105094</subfield></datafield><datafield ind1="1" ind2="7" tag="785"><subfield code="t">Berwyn life and the Berwyn beacon</subfield><subfield code="w">(DLC)sn 94060587</subfield><subfield code="w">(OCoLC)31188864</subfield></datafield></record>